<record><leader>00000cas a22000007a 4500</leader><controlfield tag="001">42370355</controlfield><controlfield tag="008">990914c19uu9999mauwr n       0   a0eng c</controlfield><datafield ind1=" " ind2=" " tag="010"><subfield code="a">sn 99006004 </subfield></datafield><datafield ind1=" " ind2=" " tag="040"><subfield code="a">NSD</subfield><subfield code="b">eng</subfield><subfield code="c">NSD</subfield><subfield code="d">CUS</subfield><subfield code="d">DLC</subfield><subfield code="d">OCLCQ</subfield><subfield code="d">OCLCF</subfield><subfield code="d">OCLCO</subfield></datafield><datafield ind1=" " ind2=" " tag="012"><subfield code="m">0</subfield></datafield><datafield ind1="1" ind2=" " tag="022"><subfield code="a">1526-7318</subfield><subfield code="l">1526-7318</subfield><subfield code="2">1</subfield></datafield><datafield ind1="1" ind2=" " tag="029"><subfield code="a">AU@</subfield><subfield code="b">000041922944</subfield></datafield><datafield ind1=" " ind2=" " tag="037"><subfield code="b">Nashoba Publications, Inc., 69 Fitchburg Rd., Ayer, MA 01432</subfield></datafield><datafield ind1=" " ind2=" " tag="042"><subfield code="a">nsdp</subfield><subfield code="a">pcc</subfield></datafield><datafield ind1=" " ind2=" " tag="043"><subfield code="a">n-us-ma</subfield></datafield><datafield ind1=" " ind2="0" tag="222"><subfield code="a">Shirley oracle</subfield></datafield><datafield ind1="0" ind2="0" tag="245"><subfield code="a">Shirley oracle.</subfield></datafield><datafield ind1=" " ind2=" " tag="260"><subfield code="a">Ayer, MA :</subfield><subfield code="b">Nashoba Publications</subfield></datafield><datafield ind1=" " ind2=" " tag="300"><subfield code="a">v.</subfield></datafield><datafield ind1=" " ind2=" " tag="310"><subfield code="a">Weekly</subfield></datafield><datafield ind1=" " ind2=" " tag="530"><subfield code="a">Also issued online.</subfield></datafield><datafield ind1=" " ind2=" " tag="588"><subfield code="a">Description based on: Vol. 76, no. 5 (Feb. 1999).</subfield></datafield><datafield ind1=" " ind2=" " tag="588"><subfield code="a">Latest issue consulted: Vol. 76, no. 31 (Aug. 1999).</subfield></datafield><datafield ind1=" " ind2="0" tag="651"><subfield code="a">Ayer (Mass.)</subfield><subfield code="v">Newspapers.</subfield></datafield><datafield ind1=" " ind2="7" tag="655"><subfield code="a">Newspapers.</subfield><subfield code="2">fast</subfield><subfield code="0">(OCoLC)fst01423814</subfield></datafield><datafield ind1=" " ind2="7" tag="651"><subfield code="a">Massachusetts</subfield><subfield code="z">Ayer.</subfield><subfield code="2">fast</subfield><subfield code="0">(OCoLC)fst01229882</subfield></datafield><datafield ind1=" " ind2=" " tag="752"><subfield code="a">United States</subfield><subfield code="b">Massachusetts</subfield><subfield code="c">Middlesex</subfield><subfield code="d">Ayer.</subfield></datafield><datafield ind1="1" ind2=" " tag="776"><subfield code="t">Shirley oracle (Online)</subfield><subfield code="w">(OCoLC)67617965</subfield></datafield></record>